2590 4050
223 547 344 622 urbium
367 555 535 622 conditores
555 557 630 643 juris
649 557 778 644 regulas,
796 557 868 624 hinc
886 558 1042 646 principis,
1062 560 1134 627 hinc

223 667 313 732 etium
339 666 490 732 interdum
516 667 609 734 verbs
630 667 734 754 legum
759 667 961 754 formulasque
989 669 1133 736 haustro:

221 799 288 863 quse
304 801 398 865 quum
411 779 581 865 posuissent
610 780 696 866 qussi
710 779 917 860 fundamenta,
931 781 980 846 bis
995 781 1048 868 qui
1066 803 1133 847 suc-

220 898 373 957 oessenmt
388 899 534 977 quantum
549 892 585 957 de
600 915 655 958 suo
669 893 703 958 in
717 892 819 978 legum
833 892 951 959 tabulas
963 893 1131 974 intulerint,

220 1026 282 1069 nou
296 1005 391 1069 nostri
405 1011 451 1070 est
464 1005 597 1071 instituti
608 1005 769 1091 disquirere
777 1031 787 1086 ;
811 1027 905 1091 quum
915 1006 973 1071 nisi
988 1006 1026 1072 sd
1040 1029 1133 1072 unam

219 1139 323 1182 omnes
338 1115 487 1202 abrogatus
501 1124 600 1183 esseut
614 1118 745 1203 autiquae
763 1117 856 1203 leges,
871 1123 903 1183 et
920 1115 1041 1183 exulare
1055 1117 1132 1205 jussi

220 1251 290 1294 cum
308 1226 391 1293 libris
412 1227 473 1293 suis
492 1229 579 1294 istius
594 1229 670 1316 jmis
691 1228 789 1316 periti,
805 1249 867 1294 nou
883 1228 1032 1315 potuisset
1049 1229 1133 1296 lebes

219 1340 343 1425 originis
358 1339 501 1406 Romenoe
515 1346 578 1407 tum
591 1341 711 1428 penitus
725 1341 819 1405 infixa
834 1340 956 1408 aboleri.

263 1452 334 1517 Jem
352 1474 433 1532 vero,
452 1460 487 1517 ut
508 1453 547 1518 ad
567 1452 600 1516 id
619 1451 740 1516 tandem
762 1452 925 1538 aggrediar,
944 1451 1025 1538 quod
1047 1452 1131 1539 cupi-

218 1561 338 1627 dissimb
349 1585 425 1627 ame
436 1563 599 1648 exspectari
610 1562 715 1642 sentio,
726 1562 799 1647 quid
810 1563 847 1627 de
859 1561 972 1648 englis
981 1563 1131 1628 existimo-

217 1673 340 1739 bimus?
368 1697 408 1739 en
421 1673 486 1738 haee
501 1673 558 1738 alie
575 1673 608 1736 in
627 1674 717 1738 oausd
730 1679 785 1753 est,
801 1674 858 1739 alie
872 1681 986 1740 caeterae
1000 1675 1131 1761 Europa

217 1785 339 1873 partes?
384 1785 534 1870 Namque,
550 1788 585 1848 ut
599 1784 649 1869 jus
663 1783 748 1849 civile
762 1784 869 1849 meritb
884 1785 1021 1850 efferetur
1034 1785 1130 1851 laudi·

217 1897 276 1963 bus
297 1901 477 1981 vocetusque
502 1917 564 1960 nou
586 1895 755 1961 Romanum
777 1895 874 1961 soldm
896 1896 949 1961 sed
971 1897 1060 1962 etium
1082 1895 1131 1962 vel

217 2009 400 2095 Europaeum
423 2007 469 2072 vel
491 2007 635 2092 gentimu,
654 2007 761 2092 pmdsm
780 2012 881 2072 tamen
902 2007 1050 2093 praeconia
1071 2007 1131 2072 ists

218 2121 256 2187 od
284 2121 430 2186 rationem
458 2141 555 2184 meam
583 2117 767 2204 probandam
799 2117 955 2197 sufficient,
983 2117 1130 2203 siquidem

218 2231 295 2296 nihil
309 2229 432 2296 omninb
447 2251 516 2293 eum
530 2234 633 2294 nostro
644 2229 711 2313 juce
726 2249 884 2294 commune
897 2226 1015 2294 hebeat.
1107 2238 1109 2243 '

263 2345 307 2408 At
321 2341 391 2408 verb
406 2339 621 2426 obproprium
638 2339 779 2424 quiddam
792 2361 854 2425 prae
871 2362 902 2404 se
916 2339 1017 2404 ferunt
1033 2341 1130 2406 nostri

217 2456 342 2542 hujusce
364 2451 439 2539 jmis
462 2450 600 2536 origines,
622 2449 703 2535 quod
727 2473 790 2515 non
814 2450 848 2514 in
868 2451 982 2536 reliqnd
1005 2451 1130 2538 Europe

217 2567 395 2640 inveniatur,
411 2570 460 2629 etq
480 2562 591 2628 eaedem
604 2567 705 2628 tamen
724 2561 900 2628 nonnullum
920 2564 1128 2650 contagionem

221 2741 376 2795 Discourses,
391 2752 432 2800 pp.
445 2737 485 2793 39,
496 2735 538 2793 40,
554 2735 593 2793 84,
609 2733 651 2792 85,
661 2735 700 2791 92,
713 2733 760 2782 dte.
777 2734 831 2792 dte„
848 2749 898 2796 esp.
916 2735 962 2782 22:
981 2734 1057 2784 “The
1072 2735 1129 2786 best

219 2829 274 2886 part
285 2821 313 2869 of
319 2821 360 2868 the
371 2818 470 2886 Romen
478 2817 525 2865 lew
536 2817 644 2874 became,
656 2815 706 2864 end·
715 2815 746 2874 is,
756 2814 905 2864 universal.”
1208 2823 1213 2834 ·

253 2913 264 2944 ‘¹
282 2904 335 2952 The
346 2901 474 2951 difference
488 2901 597 2949 between
607 2898 649 2946 the
660 2912 727 2946 ceses
738 2897 766 2945 of
775 2895 891 2959 Englend
906 2897 955 2945 end
964 2897 1033 2946 other
1043 2897 1125 2948 Euro-
1228 2914 1232 2921 ·

221 2999 285 3048 pean
297 2979 419 3031 countries
434 2978 456 3025 is
468 2977 578 3026 talento
593 2977 624 3025 be
635 2975 691 3024 this.
726 2975 758 3023 In
769 2973 836 3022 them
851 2973 951 3038 usually
962 2981 1010 3022 two
1021 2981 1127 3038 systema

221 3067 250 3115 ol
256 3065 302 3112 lew
313 3058 407 3110 existed
418 3057 469 3106 side
480 3058 513 3121 by
524 3054 670 3119 side—qften
680 3059 705 3103 tn
715 3057 861 3118 sortting-e
872 3054 970 3103 Romen
985 3056 1034 3104 and
1043 3071 1058 3104 s
1068 3056 1124 3104 ber·

219 3146 320 3196 barian:
338 3142 402 3191 from
412 3143 454 3191 the
466 3138 580 3190 coclition
592 3138 620 3186 ol
625 3136 706 3184 which
719 3134 828 3184 resulted
838 3135 880 3184 the
892 3136 1055 3186 Romen-like
1064 3137 1125 3186 lawe

221 3229 249 3278 ol
256 3227 297 3276 the
309 3225 443 3274 continent.
473 3222 504 3271 In
513 3219 631 3283 Englond
639 3219 661 3268 it
670 3219 692 3268 is
703 3218 832 3281 supposed,
842 3218 896 3267 thot
906 3219 948 3267 the
959 3219 1041 3268 Saxon
1053 3220 1125 3282 codes

220 3310 290 3360 stood
300 3308 378 3366 alone,
390 3306 439 3356 and
454 3305 481 3354 in
497 3318 665 3366 consequence
679 3303 721 3352 the
736 3301 836 3350 Romen
848 3301 954 3351 element
964 3317 1033 3351 come
1043 3303 1069 3351 in
1080 3318 1124 3352 en-

220 3390 361 3457 tirelyfrcm
371 3393 478 3448 without,
487 3387 594 3450 through
605 3384 704 3435 clerical
713 3384 852 3448 legislatore
863 3383 912 3434 eud
922 3383 1030 3449 lawyers
1065 3385 1123 3434 Cle·
