2590 4050
674 273 714 332 34

237 429 469 516 prudentissima
501 438 662 516 propagata
701 433 770 510 sint,
802 431 991 518 prudentiam
1029 455 1148 498 omnem

242 545 401 627 (quantum
414 544 513 627 liceat)
533 551 563 607 et
581 545 664 630 quasi
682 551 811 608 mentem
827 567 860 608 ac
875 544 1059 610 voluntatem
1073 546 1151 611 anti·

240 655 361 739 quitatis
376 656 440 741 ejus
455 656 587 720 nolimus
602 655 774 742 explorare?

283 765 354 831 Jam
373 766 452 845 vero,
469 775 503 830 ut
523 767 724 832 concedantur
739 766 812 831 mihi
830 768 887 831 tria
906 766 958 832 illa
978 790 1045 853 quae
1064 768 1154 833 initio

240 878 337 966 posui,
356 879 486 964 inquirat
506 881 630 944 fortasse
650 879 766 965 aliquis,
785 880 905 944 cuinam
925 879 1022 944 ordini
1042 880 1154 944 civium

240 989 305 1054 haec
325 989 424 1054 studia
443 990 532 1055 velim
552 988 776 1054 commendare:
803 989 907 1054 utrium
927 989 1089 1054 omnibus?
1115 1012 1155 1053 an

242 1101 312 1166 solis
331 1101 574 1188 jurisconsultis?
605 1124 698 1187 quum
723 1101 835 1166 multos
858 1101 978 1187 quidem
1000 1102 1070 1166 vitae
1092 1125 1155 1167 suae
1281 1081 1282 1142 i

240 1214 414 1279 institutum
429 1237 446 1279 a
460 1216 563 1279 nostrt
577 1214 693 1279 ratione
707 1220 820 1292 avocet,
833 1213 1040 1300 jurisconsulti
1053 1220 1155 1280 autem
1281 1205 1282 1214 ¹

242 1327 408 1413 periculum
423 1327 461 1390 sit
476 1349 524 1404 ne,
541 1325 566 1390 si
582 1325 620 1390 ad
634 1325 715 1411 leges
729 1325 808 1389 inter
823 1347 854 1390 se
873 1323 1035 1389 contrarias
1053 1324 1156 1389 adver-

242 1439 333 1502 terint
364 1437 487 1516 animos,
516 1437 589 1522 quid
623 1459 721 1515 nuum,
749 1434 821 1520 quid
850 1435 1030 1514 Romanum,
1056 1435 1090 1500 in
1123 1457 1157 1500 re
1258 1437 1264 1448 '

244 1553 370 1636 quaque,
395 1548 546 1614 interdum
576 1547 797 1612 obliviscantur.
843 1546 992 1631 Equidem
1022 1546 1092 1612 sane
1122 1570 1158 1612 ea

243 1661 329 1726 valde
351 1661 487 1739 demiror,
504 1658 613 1744 quibus
633 1665 754 1723 eentum
774 1658 882 1723 abhinc
902 1661 988 1725 annis
1006 1659 1070 1724 vir²
1088 1660 1158 1725 doo-

243 1772 385 1849 tissimus,
403 1771 494 1854 quam
513 1768 596 1833 utilis
611 1774 688 1833 essct
707 1768 740 1832 in
758 1770 840 1833 omni
853 1769 916 1834 vitt
930 1770 1005 1855 juris
1023 1770 1157 1850 scientia,

245 1882 417 1949 academicis
437 1881 547 1945 nostris
570 1878 724 1944 ostendere
744 1886 868 1944 conatus
889 1886 952 1959 est;
980 1902 1035 1945 nec
1055 1884 1159 1968 magni

244 1995 354 2060 laboris
366 1996 428 2058 fore
441 1991 566 2057 arbitror
575 1991 677 2057 eadem
688 1990 749 2057 ferd
761 1993 799 2056 ad
809 2015 907 2057 meam
915 2015 1034 2058 causam
1043 2015 1158 2060 accom-

246 2106 376 2171 modare.
404 2105 501 2170 Video
511 2111 611 2168 autem
619 2103 652 2167 in
663 2104 780 2168 civitate
789 2106 891 2169 nostrt
900 2105 960 2169 duo
969 2105 1160 2191 potissimum

247 2243 310 2286 esse
326 2241 435 2305 genera
448 2217 615 2297 homiuum,
628 2217 738 2302 quibus
753 2239 869 2303 sperem
882 2217 947 2282 haec
961 2217 1060 2283 studia
1070 2217 1159 2284 uber·

247 2334 338 2399 nimos
349 2333 463 2397 fructus
475 2331 599 2396 allatura
610 2353 691 2396 esse:
712 2352 839 2415 quorum
850 2330 975 2396 altorum
989 2331 1022 2395 in
1036 2353 1159 2417 respon-

249 2445 347 2511 dendo
363 2444 399 2509 de
411 2445 477 2530 jure
488 2449 577 2528 atque
592 2443 624 2506 in
635 2442 731 2506 causis
746 2440 864 2506 orandis
879 2446 1021 2521 versatur,
1033 2441 1161 2508 aiterum

249 2562 281 2626 in
295 2558 424 2625 ferendis
439 2557 565 2644 legibus,
578 2553 728 2641 jubendis,
741 2553 940 2640 antiquandis,
957 2554 1148 2641 corrigendis.

293 2674 335 2739 ut
356 2672 392 2737 de
408 2671 467 2736 illis
488 2668 608 2754 quidem
626 2667 706 2734 haud
726 2668 786 2732 scio
805 2691 842 2733 an
857 2667 1022 2734 verecunde
1041 2669 1116 2734 mihi
1131 2677 1163 2736 et

252 2783 423 2849 dubitanter
441 2780 600 2845 dicendum
620 2779 667 2858 sit,
688 2800 780 2863 quum
800 2778 857 2862 ipsi
878 2777 950 2864 quid
970 2781 1024 2843 sut
1043 2779 1161 2844 intersit
1269 2789 1271 2830 5

253 2901 283 2960 et
308 2895 423 2980 possint
447 2897 476 2956 et
499 2891 608 2956 velint⁸
631 2889 808 2975 dijudicare:
837 2910 1006 2974 quanquam
1027 2889 1162 2957 homines

286 3113 295 3134 ¹
314 3103 470 3162 Blackstone,
486 3103 512 3150 in
522 3102 562 3150 his
573 3102 626 3150 first
636 3102 805 3164 introductcry
815 3101 916 3150 lecture.

286 3195 297 3217 ¹
313 3186 423 3248 Perhaps
438 3185 478 3234 the
492 3191 570 3234 recent
586 3187 741 3246 appointmcnt
758 3183 786 3230 of
799 3199 814 3231 a
830 3183 915 3232 reader
931 3198 963 3232 on
977 3185 1167 3247 jurisprudence
1254 3238 1258 3247 ,

255 3274 303 3322 aad
319 3273 356 3319 tte
373 3272 428 3318 civil
444 3271 488 3317 law
499 3268 532 3332 by
544 3267 586 3316 the
598 3267 695 3330 Society
704 3265 732 3314 of
739 3265 781 3314 the
794 3264 999 3330 Middle'l'emple
1011 3267 1032 3316 is
1044 3267 1166 3317 sufficient

256 3354 369 3406 evidence
380 3351 408 3400 of
422 3350 463 3399 the
480 3356 578 3415 present
592 3350 724 3412 judgment
740 3347 768 3396 os
782 3347 823 3396 the
834 3349 975 3411 profession.
1014 3350 1059 3399 See
1070 3349 1112 3399 the
1122 3350 1166 3398 be·

257 3434 360 3499 ginning
371 3432 399 3480 of
409 3432 503 3495 Long¹s
514 3429 573 3479 Two
584 3429 735 3478 Disccurses.
