2590 4050
582 372 660 438 ‘23

185 538 247 604 ferd
261 539 353 606 luious
367 539 532 606 litterarum
549 541 655 607 studiis
670 563 790 628 operam
809 541 979 621 insumeret,
995 565 1096 606 neees-

186 650 273 716 sitate
295 652 391 738 magis
415 653 505 738 qutun
528 653 652 718 consiiio
677 653 790 718 factum
813 661 868 733 est,
892 659 928 718 ut
951 659 981 718 et
1003 654 1096 718 iuter-

186 765 312 851 pretatio
329 766 431 852 legum
450 771 481 831 et
500 766 716 832 administratio
736 767 774 833 ad
794 766 906 832 olerum
925 766 1095 852 pertineret.

184 881 320 948 Orabant
344 883 377 948 hi
402 907 513 964 causas,
536 885 568 950 hi
591 884 782 972 judicabant3
811 884 854 964 hi,
879 883 1000 968 siquid
1025 885 1096 948 novi

185 994 377 1059 statuendum
399 1001 484 1074 esset,
506 997 538 1060 iu
560 996 684 1061 oonsilio
704 1002 788 1061 erant
808 995 889 1080 regi;
917 995 943 1058 si
964 994 1096 1080 promul-

184 1105 328 1191 gandum,
351 1106 466 1172 senatui
490 1105 670 1186 intereraut3
701 1108 727 1172 si
751 1107 955 1172 mandandum
979 1107 1095 1187 litteris,

184 1216 348 1284 scribarum
364 1240 486 1284 munere
503 1218 714 1304 fimgebantur.
759 1218 895 1284 Romano
913 1225 1011 1284 autem
1029 1219 1096 1304 juro

183 1329 274 1395 iidem
295 1329 385 1415 quum
403 1328 490 1396 vaide
510 1328 734 1408 delectarentur,
752 1328 820 1393 tum
840 1329 894 1393 enb
914 1330 950 1394 ed
969 1329 1099 1402 necessi-2

183 1437 288 1504 tudine
311 1462 377 1524 quae
396 1439 433 1504 iis
455 1461 525 1528 oum
544 1439 642 1504 Romd
661 1444 723 1502 erat
746 1438 911 1524 conjectare
932 1438 1012 1517 lieet,
1028 1443 1095 1502 tum

183 1550 337 1636 plurimis⁰
348 1551 464 1616 iudiciis
476 1551 686 1616 demonstrare.
721 1549 871 1634 Namque,
884 1554 919 1612 ut
934 1571 985 1613 eos
997 1547 1094 1612 solum
1116 1581 1118 1586 ·

183 1663 338 1742 adducam,
351 1664 402 1749 qui
416 1663 576 1749 provincia
590 1662 797 1728 Oaumariensi
811 1662 1002 1748 praefuerrmt,
1014 1663 1094 1728 Lau-

101 1815 106 1826 ·
181 1775 319 1843 francustl
333 1777 454 1863 quidem
473 1778 556 1863 prius
576 1778 667 1864 quom
686 1777 719 1842 iu
732 1777 797 1842 haee
816 1800 909 1864 regna
922 1778 1045 1857 venerit,
1061 1779 1094 1844 in

183 1891 282 1956 Gallio
307 1891 358 1977 jus
383 1891 553 1957 Romanum
578 1890 697 1977 publiot
722 1891 829 1977 legisse
852 1892 964 1956 fertur:
995 1891 1092 1955 Theo-

181 2001 304 2067 baldus‘
316 2008 416 2067 autem
430 2008 461 2066 et
472 2001 636 2066 Justiuiaui
646 2001 739 2066 libros
750 2025 851 2066 secum
865 2003 898 2066 in
907 2001 1093 2067 Britamriauu

181 2112 303 2194 invexit,
327 2117 357 2176 et
385 2110 531 2198 inclytum
554 2110 641 2176 iilum
667 2110 834 2190 Thomamf,
859 2112 910 2196 qui
936 2109 993 2175 sibi
1019 2095 1100 2176 olim

182 2251 370 2295 suoeessurus
385 2233 457 2308 erat,
468 2228 637 2295 Bononiam
652 2228 689 2292 ad
705 2229 855 2294 Imerium
869 2229 959 2294 misit.
1005 2229 1092 2295 Idem

180 2340 385 2420 Vaoeariumss,
398 2340 522 2406 doctum
535 2339 697 2420 hominem,
713 2340 770 2406 hec
784 2341 817 2406 in
830 2340 905 2406 urbe
919 2341 1092 2427 perhibetur

181 2450 378 2530 constituisse,
395 2451 447 2537 qui
461 2453 613 2539 juventuti
630 2453 681 2538 jus
701 2453 786 2518 civile
804 2455 950 2519 traderet:
974 2477 1011 2519 ex
1031 2479 1091 2540 quo

180 2620 269 2669 almost
286 2620 364 2685 solely
375 2621 487 2670 oonfiusd
503 2629 528 2670 to
547 2623 590 2671 the
609 2623 702 2686 olsrgy,
713 2625 761 2672 and
778 2624 867 2686 chiefly
879 2633 903 2671 to
920 2625 962 2672 the
975 2626 1088 2673 monks.'’

182 2701 276 2759 Eume,
288 2701 354 2749 Hist.
373 2701 401 2749 of
413 2701 499 2764 Engl„
510 2701 643 2766 Appendix
653 2703 678 2752 ii.
708 2703 747 2751 cf.
760 2703 917 2760 Blackstone,
929 2704 977 2752 vol.
988 2705 1003 2754 i.
1016 2721 1039 2768 p.
1052 2705 1089 2756 17.

180 2780 328 2841 Robertson‚
341 2781 444 2831 Charles
454 2783 494 2840 V.,
506 2794 565 2832 sect.
577 2783 593 2831 i.
604 2785 627 2832 6.
662 2784 765 2847 Spenee,
778 2785 824 2834 vol.
837 2784 854 2832 i.
862 2800 887 2847 p.
900 2785 937 2832 14.

214 2861 225 2894 ὓ
243 2863 335 2924 Burke,
348 2864 451 2928 Abridg.
463 2865 492 2913 of
505 2864 570 2929 Eng.
583 2865 658 2924 Hine,
671 2865 694 2915 b.
707 2866 724 2914 i.
734 2865 772 2914 oh.
785 2868 808 2917 9.
843 2866 947 2929 Spenoe,
956 2865 1004 2916 vol.
1017 2867 1034 2917 i.
1047 2884 1088 2932 pp.

184 2944 272 3003 16,17.

213 3035 225 3064 0
243 3028 390 3093 Robertson²
404 3029 506 3077 Charlss
517 3027 558 3087 V.,
568 3035 625 3076 note
635 3029 702 3077 xxiv.

212 3106 224 3137 ¹
242 3108 322 3172 Loug,
334 3107 393 3157 Two
404 3109 557 3169 Diamounas,
568 3125 609 3173 pp.
623 3113 663 3168 85,
676 3112 715 3169 86,
728 3110 777 3158 and
788 3111 829 3160 the
840 3117 904 3159 note.

212 3192 224 3216 θ
235 3187 299 3236 Ibid.

212 3267 221 3300 ¹
236 3270 344 3318 Thomas
354 3274 369 3317 a
380 3270 484 3320 Becket.
502 3272 566 3323 Ibid.

213 3359 225 3391 ⁸
243 3350 306 3400 Ibid.
325 3350 376 3399 But
388 3366 428 3400 see
439 3352 491 3400 also
502 3353 594 3411 Hume,
607 3354 671 3404 Hist
682 3355 710 3404 of
718 3355 792 3419 Eup..
804 3353 937 3420 Appendix
948 3356 974 3406 ii.
995 3355 1086 3407 Black-

180 3441 258 3492 atone‚
269 3433 318 3482 vol.
329 3431 344 3482 i.
357 3449 380 3497 p.
393 3435 432 3481 35.
460 3433 606 3494 Robertson,
618 3437 722 3486 Charles
732 3436 772 3495 V.,
783 3443 840 3486 note
849 3453 906 3487 xxv.
