2590 4050
629 313 693 378 '18

221 431 355 562 Europh,
371 476 489 541 tametsi
503 475 569 542 soro
583 481 703 553 careret,
718 479 828 554 tamen,
845 495 939 559 quum
953 473 1070 538 summi
1083 473 1129 538 in-

222 589 337 654 dustrit
359 612 376 653 a
398 587 568 654 doctissimo
590 609 709 673 quoqne
730 592 914 665 trectuehn,
932 608 995 650 non
1013 590 1130 671 poteret

222 701 296 786 quin
307 700 368 786 juri
382 721 445 766 non
461 700 570 786 scripto
589 721 786 786 permagnum
804 703 992 764 momentum
1008 697 1128 762 iaceret.

129 853 133 858 -
222 812 306 885 Quid
328 812 365 878 de
388 810 570 878 Germaniih
592 811 712 877 dicam?
736 833 802 894 quae
825 833 919 895 quum
940 809 1069 874 maxime
1092 831 1130 873 ex

221 931 305 1010 perte
320 925 463 990 Romenae
477 945 634 1008 nunquam
648 921 770 986 ditionis
786 921 901 1000 fuisset,
916 918 1009 1006 leges¹
1028 925 1130 984 tamen

221 1035 371 1100 Romanos
396 1037 452 1100 sut
471 1034 528 1100 sibi
547 1039 654 1120 sponte
674 1033 806 1098 adscivit.
851 1032 945 1098 Initio
966 1031 1010 1096 rei
1028 1029 1128 1116 Impe

220 1147 352 1212 ratores*
366 1147 462 1211 fecere
470 1173 480 1225 ς
504 1145 612 1212 deinde
628 1144 753 1231 singuioe
764 1144 908 1223 notioncS,
917 1147 1008 1230 prout
1022 1141 1129 1227 cuique

221 1259 290 1322 usui
304 1258 366 1323 fore
381 1258 539 1331 videretru,
556 1257 617 1322 sive
631 1255 862 1342 pretermissum
877 1254 988 1340 ahquid
1004 1253 1038 1318 in
1056 1253 1129 1340 legi-

220 1368 278 1434 bus
292 1370 395 1455 patriis
410 1369 472 1433 sive
484 1368 618 1452 iniquius
639 1367 700 1432 sive
721 1364 875 1431 obscurius
894 1365 1027 1451 positum
1042 1370 1128 1445 esset,

221 1479 428 1566 supplemento
449 1480 529 1558 hinc,
554 1479 674 1557 auxilie,
696 1477 954 1563 interpretationes
976 1473 1128 1562 petebant.

220 1589 367 1675 Exemplo
388 1591 428 1655 sit
443 1590 485 1671 id,
502 1589 584 1675 quod
605 1588 685 1675 apud
705 1585 982 1654 Meleuchthonem¹
999 1585 1128 1672 legitur:

222 1699 420 1764 “Vemeculo
437 1699 566 1785 quodam
577 1700 644 1786 jure
656 1699 788 1764 Saxones
802 1697 900 1762 adhuc
915 1694 1023 1763 oiicubi
1037 1702 1130 1762 utun-

220 1813 280 1888 tur,
295 1808 329 1873 in
344 1831 403 1894 quo
419 1810 510 1894 quhm
523 1809 619 1875 multo
633 1831 670 1875 ex
684 1809 828 1875 Romanis
842 1807 959 1894 legibue
974 1807 1131 1876 emendate

221 1923 310 1987 sunt!
335 1921 418 1994 Quid
432 1924 491 1988 fuit
504 1924 605 1988 minus
620 1923 796 2003 humanum,
807 1923 898 2008 quim
913 1922 995 2008 qnod
1009 1923 1131 1988 vetuere

222 2035 362 2114 Saxones,
387 2057 426 2098 ne
446 2033 606 2122 nepotibus
630 2035 738 2100 emisso
763 2040 847 2120 patre
871 2034 950 2098 avito
973 2033 1131 2099 haeredites

220 2148 367 2213 vaeuiret?
390 2149 529 2216 Conecte
543 2149 592 2214 lex
606 2151 698 2215 estin
712 2149 840 2216 comitiis
859 2149 1040 2236 populorum
1055 2151 1130 2218 Ger-

223 2413 272 2460 and
282 2413 331 2462 hod
350 2429 365 2461 e
377 2415 506 2477 ponerint,
516 2416 610 2479 though
625 2417 675 2465 lese
689 2417 802 2476 eeneible,
813 2417 934 2466 influence
945 2419 972 2466 in
989 2419 1130 2484 improving

222 2489 272 2536 ond
282 2490 418 2552 perfecting
429 2491 704 2552 them.”—Rnberteon‚
717 2493 868 2561 Chnrles'V⁸¹
881 2502 938 2544 sect.
951 2497 967 2545 i.
979 2495 1001 2548 7.

255 2572 268 2606 ¹¹
284 2573 364 2622 “The
377 2575 476 2624 Roman
487 2576 534 2625 low
545 2576 621 2624 forme
637 2576 679 2625 the
693 2577 882 2640 ecknowledged
898 2577 963 2626 bacio
979 2578 1008 2627 of
1021 2579 1130 2628 decioicn

200 2689 202 2692 -
223 2654 249 2702 in
266 2655 300 2704 all
314 2657 356 2705 the
374 2657 507 2707 Germanic
524 2659 652 2718 tribunale,
662 2659 788 2723 spnringly
798 2659 913 2708 moditied
930 2661 1014 2724 hythe
1031 2661 1131 2711 ancient
1169 2681 1173 2688 ·

225 2736 308 2786 teudel
324 2741 492 2800 customories‚
502 2739 582 2788 which
593 2741 635 2789 the
648 2741 736 2803 jurieto
747 2741 775 2789 of
788 2741 829 2789 the
844 2741 936 2804 empire
945 2742 1034 2790 reduce
1044 2744 1129 2794 within
1210 2771 1213 2782 ·

224 2832 317 2866 narrow
328 2819 595 2879 bounde.’'—Hellam,
607 2821 703 2869 Middle
715 2821 790 2883 Agee,
802 2820 849 2869 vol.
864 2821 899 2870 iii.
910 2837 933 2884 p.
947 2824 1002 2871 516.

259 2897 267 2934 1
284 2901 470 2952 Melanchthon.
484 2904 569 2953 Oratio
580 2905 611 2954 de
622 2903 740 2967 Legibus,
756 2919 796 2966 pp.
812 2906 836 2960 5,
848 2904 888 2962 29,
900 2903 939 2952 ³6.
975 2904 1055 2968 Long,
1071 2904 1130 2954 Two

225 2983 380 3043 Discourees,
392 3001 415 3048 p.
428 2988 467 3035 39.

260 3063 273 3096 ¹
290 3067 305 3091 “
315 3065 449 3129 Geinum,
461 3066 540 3115 which
555 3082 603 3114 wne
617 3081 692 3115 never
707 3066 844 3128 conquered
856 3067 889 3132 hy
900 3067 942 3116 the
952 3066 1072 3126 Romans,
1083 3067 1129 3116 has

226 3144 338 3192 received
354 3147 452 3208 through
464 3149 500 3195 the
514 3147 636 3195 Germanic
651 3149 736 3208 empire
747 3145 788 3194 the
802 3147 900 3196 Romen
916 3146 963 3196 lew
973 3163 1000 3196 ee
1015 3147 1048 3196 its
1060 3162 1127 3196 conr·

227 3243 286 3276 mon
297 3226 488 3292 lew.”-L0ng,
498 3227 557 3277 Two
569 3229 722 3287 Diecoureee
734 3243 758 3292 p.
773 3231 813 3280 88.

258 3303 266 3342 ¹
283 3307 323 3358 De
333 3308 450 3372 Legibus,
462 3326 486 3374 p.
498 3310 537 3358 99.
