2590 4050
691 315 732 378 14

263 477 440 566 pervenisse,
456 475 551 562 etque
568 475 683 554 latiora,
699 475 759 561 qui)
778 475 868 542 latiis
889 475 1047 562 imperium
1066 483 1171 544 exten·

264 589 391 656 debatur
399 615 409 670 ;
432 588 527 654 donee
546 587 582 652 eo
602 609 697 672 usque
716 591 840 652 ventum
854 592 941 668 esset,
956 593 992 653 ut
1006 610 1100 673 quum
1114 589 1172 654 im·

265 702 381 789 perium
389 701 602 780 Romanorum,
615 698 696 784 quod
704 696 749 764 ilii
757 696 914 784 magnifice
922 697 1172 780 ementiebantur,

265 811 305 878 ad
323 811 496 876 universum
517 807 620 876 orbem
641 813 787 874 terrarum
808 809 976 895 pertineret,
996 808 1065 895 jura
1081 809 1176 874 etium

266 921 401 988 omnium
415 920 552 1007 gentium
562 918 614 1004 jus
628 939 725 1008 unpm
739 919 909 984 Romanum
917 917 1175 1005 complecteretur.

311 1031 468 1097 Hactenus
484 1053 551 1116 qnae
564 1029 654 1094 fuerit
663 1029 766 1116 legum
776 1030 978 1096 Romanarum
992 1030 1176 1115 praestantia,

268 1146 301 1205 et
323 1162 414 1226 quam
437 1138 584 1225 originem
607 1138 754 1218 hebuerit,
780 1138 928 1204 indicavi:
951 1139 1039 1204 venio
1064 1138 1103 1204 cd
1131 1139 1177 1220 id,

269 1250 350 1337 quod
364 1249 461 1336 posui
476 1245 570 1316 totius
584 1271 634 1316 eas
648 1249 778 1335 Europe
793 1269 965 1314 communes
980 1271 1053 1314 esse.

313 1361 440 1427 Invenio
454 1360 548 1447 igitur
561 1366 627 1426 tum
643 1382 736 1446 quum
752 1359 870 1426 barbari
886 1383 924 1426 ex
943 1359 1066 1425 diversis
1084 1361 1179 1446 purti-
1278 1437 1279 1444 ἵ

269 1473 327 1539 bus
341 1473 375 1538 in
389 1472 495 1540 orbem.
506 1473 677 1538 Romanum
690 1471 831 1557 irrupere,
848 1494 950 1537 omnes
964 1469 1026 1537 iere
1039 1472 1179 1538 homines
1278 1451 1279 1458 ἵ

270 1585 323 1670 qui
346 1585 379 1649 in
402 1583 562 1670 provinciis
583 1581 758 1649 habitabant
781 1583 951 1648 communi¹¹
973 1583 1095 1650 nomine
1116 1583 1180 1650 Ro·

270 1719 374 1762 manos
404 1695 567 1781 appellatos
590 1694 707 1780 legibus
736 1693 826 1758 etiem
855 1693 998 1760 Romanis
1034 1695 1179 1780 paruisse.

271 1807 436 1893 Postquam
459 1807 539 1872 enim
563 1812 686 1892 propter
710 1804 937 1871 diuturnitatem
961 1805 1079 1892 imperii
1107 1829 1181 1874 cons

271 1917 372 1984 nubiis
387 1917 629 2004 commerciisque
643 1939 741 1982 mores
760 1915 832 1982 Iteii
852 1916 886 1980 in
903 1915 1024 1982 ultimas
1043 1917 1182 2003 regiones

271 2029 419 2115 divulgati
438 2029 747 2114 essent,'confusoque
767 2027 904 2114 gentium
923 2026 1091 2093 discrimine
1110 2051 1182 2114 pro-

273 2141 346 2228 priae
363 2141 423 2206 illc
444 2142 524 2227 leges
544 2141 767 2218 obsolevissent,
787 2161 860 2224 quas
882 2138 954 2203 oiim
976 2137 1033 2204 sibi
1056 2139 1184 2226 quisque

195 2315 200 2323 ,
273 2251 403 2338 populus
417 2253 564 2317 victorum
577 2251 721 2317 beneficio
734 2251 905 2333 retinuerat,
917 2249 1084 2316 eivitatam⁰
1092 2252 1182 2320 Cara-

274 2361 350 2428 colia
363 2361 502 2427 omnibus
516 2362 559 2427 ita
573 2361 811 2441 communicavit,
822 2365 859 2424 ut
874 2383 1059 2447 quecunque
1073 2364 1185 2449 oppidu

274 2472 307 2538 in
320 2471 481 2559 provinciis
496 2479 604 2554 essent,
620 2471 793 2538 conditione
807 2472 1037 2558 municipiorum
1050 2474 1185 2542 frueren-

201 2744 202 2748 ’
307 2737 322 2764 ¹¹
339 2731 389 2779 For
399 2732 519 2794 example,
531 2731 559 2779 in
573 2731 615 2779 the
629 2729 762 2792 kingdcms
772 2729 880 2778 founded
894 2730 927 2794 by
937 2729 979 2777 the
999 2729 1185 2793 Burgimdians,

276 2811 380 2870 Franks,
395 2812 443 2860 and
456 2812 591 2876 visigothi,
602 2811 645 2860 the
661 2811 798 2874 conquered
814 2811 961 2874 provinciels
976 2827 1037 2859 were
1054 2811 1142 2871 called,
1157 2812 1186 2860 in
1231 2821 1234 2827 '

277 2891 504 2940 contradictincticn
519 2899 544 2940 to
561 2893 603 2940 the
618 2891 739 2949 invaders,
751 2896 794 2938 not
811 2889 897 2948 Gauls,
914 2891 1034 2950 OEduaus,
1051 2893 1112 2949 &eq
1139 2892 1187 2941 but

275 2973 383 3020 Romane.
414 2973 460 3021 See
475 2973 656 3035 Montesquieu,
674 2971 762 3035 Esprit
773 2970 816 3018 des
832 2971 904 3030 Loix,
915 2971 957 3020 liv.
972 2973 1059 3023 xxviii.
1071 2975 1111 3023 ch.
1123 2977 1147 3034 2,
1160 2978 1185 3033 8,

271 3041 341 3102 'duca
365 3053 417 3102 also
435 3053 536 3112 Guizct,
554 3053 620 3103 Hist.
635 3054 663 3102 oi
677 3052 847 3113 Civilizctiou,
861 3060 922 3103 sect.
939 3056 974 3115 xi,
992 3058 1053 3118 &c.;
1070 3056 1120 3105 und
1137 3058 1186 3116 ¹the

278 3135 376 3184 ancient
385 3135 445 3184 lawe
455 3136 520 3184 cited
529 3135 556 3183 in
565 3135 625 3183 both
636 3135 744 3184 authors,
827 3173 829 3180 .

310 3221 322 3245 ⁰
334 3214 437 3264 Smith's
448 3215 493 3265 Gr.
498 3215 546 3264 and
554 3213 768 3279 RomAEicgrepin
777 3215 826 3264 and
835 3215 941 3280 Mythcl.
949 3218 1025 3278 Dice,
1035 3225 1080 3268 ert.
1088 3219 1186 3268 “Cere-

279 3296 368 3356 calle,”
377 3297 456 3346 where
466 3297 578 3345 however
589 3297 608 3345 it
616 3297 638 3346 is
645 3300 785 3361 suggested,
796 3299 850 3347 that
859 3299 1009 3361 Caracallu's
1018 3317 1128 3352 measure
1138 3303 1187 3354 hed

279 3375 340 3426 been
351 3377 377 3426 in
388 3378 429 3427 the
441 3379 509 3427 mein
522 3378 669 3442 anticipeted
678 3378 712 3442 by
723 3379 893 3429 mercerius.
