2590 4050
721 367 761 430 le

273 523 370 588 onmis
399 521 503 588 didicit
516 565 518 572 ·
531 522 697 610 posteritas.
755 520 928 589 Postremh⁸
956 542 1026 588 vero
1055 543 1092 588 cx
1120 519 1183 586 hdo

273 659 377 701 acervo
398 637 515 723 ingenti
537 643 599 702 tarn
620 636 708 704 variae
730 643 850 722 temque
873 633 1029 722 indigeste
1050 635 1185 700 muteriae

274 749 436 816 conflatum
450 755 496 814 est
511 747 641 836 corpush
650 749 732 815 illud
747 751 827 835 quod
844 748 952 815 dicitrrr
963 749 1038 834 juris
1053 747 1184 812 Justini-

271 883 388 941 eneum,
411 861 446 926 in
470 884 529 946 quo
554 884 740 947 quaecunque
761 861 877 948 possint
899 858 1075 947 reprehendi
1097 858 1183 937 vitia,

271 971 352 1036 haud
366 971 452 1038 facile
466 979 568 1038 tamen
582 973 741 1058 quisquam
760 973 921 1059 negaverit,
938 968 1185 1058 perfectissimam

272 1085 341 1168 p'cst
354 1083 490 1150 homines
504 1089 591 1149 natos
603 1084 679 1170 juris
695 1083 923 1170 descriptionem
937 1083 1092 1150 contineri.

316 1193 400 1266 Quid
421 1217 492 1281 ergo
515 1194 668 1262 dicemus?
690 1195 798 1281 quibus
822 1196 859 1260 de
885 1195 982 1261 causis
1006 1191 1183 1280 putabimus

272 1305 414 1386 evenisse,
435 1312 470 1370 ut
493 1307 600 1372 herum
622 1307 726 1393 legum
747 1306 862 1372 utilitas
887 1311 950 1372 tom
972 1304 1032 1372 lete
1055 1305 1181 1391 pateat?

272 1419 323 1482 An
336 1417 477 1504 praeclerh
492 1419 620 1504 quddam
633 1418 747 1505 ingenii
767 1418 837 1484 dote
852 1423 882 1482 et
897 1417 981 1502 quusi
995 1417 1057 1482 ecic
1070 1416 1183 1480 mentis

272 1529 460 1615 sagacissime
474 1530 585 1616 ipsum¹
604 1529 681 1595 illud
698 1530 814 1616 justum
834 1528 871 1594 ab
890 1528 979 1594 initio
996 1527 1182 1613 perspexisse

272 1640 432 1720 Romanos,
450 1641 530 1726 quod
549 1641 637 1707 Plato
659 1640 850 1726 quaeritebat5
875 1640 956 1724 quod
976 1663 1070 1725 quum
1090 1639 1183 1704 semel

273 1751 382 1838 scripto
402 1757 600 1818 monstratum
619 1758 705 1832 esset,
721 1751 841 1838 probari
858 1751 970 1816 coeteris
987 1749 1128 1837 gentibus
1147 1750 1183 1816 in

274 1869 419 1928 aeternum
433 1863 598 1929 necessarie
613 1863 756 1930 deberet?
801 1862 951 1950 Equidem
966 1861 1036 1928 sane
1051 1863 1183 1928 multorn

274 1985 357 2051 abest
376 1992 412 2051 ut
431 1985 556 2052 diffitear
576 1994 606 2053 et
626 1987 770 2073 singulari
785 1987 913 2073 quidam
933 1986 1013 2071 leges
1033 1985 1183 2050 condendi

201 2107 208 2122 ¹
275 2097 416 2164 facultate
430 2121 500 2164 usos
516 2121 579 2164 esse
589 2099 741 2165 Romanos
750 2104 782 2164 et
795 2099 953 2184 ingenium
960 2096 1037 2162 illud
1046 2097 1182 2183 simplex,

274 2208 360 2289 forte,
376 2210 551 2290 masculum,
567 2216 629 2275 tarn
650 2210 688 2275 ad
708 2210 874 2276 definienda
888 2210 957 2296 jure
975 2209 1064 2294 quhnr
1078 2208 1117 2274 ed
1135 2209 1182 2274 in·

272 2321 426 2407 jungenda
449 2321 515 2387 orbi
537 2328 683 2387 terrarum
705 2328 829 2388 netum:
860 2321 940 2386 idem
964 2327 1065 2385 temen
1089 2320 1182 2386 oredi-

276 2431 378 2513 derim,
390 2432 502 2499 nonde
517 2455 571 2498 suo
583 2434 681 2499 solum
689 2456 749 2514 eos,
762 2434 895 2519 quemvis
905 2431 1092 2512 inexhausto,
1100 2455 1183 2518 penu

275 2553 426 2634 proeceptc
439 2547 491 2614 ille
506 2554 595 2634 etque
609 2547 754 2614 elementa
767 2549 901 2614 hausisse
912 2548 1046 2635 justitiae,
1061 2553 1184 2634 propter

310 2727 323 2762 ⁸
339 2720 392 2770 The
414 2720 573 2770 Institutione
594 2721 623 2770 of
641 2721 728 2780 Gaius,
747 2721 790 2770 the
809 2723 952 2770 “Edictum
970 2721 1141 2785 Perpetuum”
1158 2721 1186 2770 oi

277 2801 397 2860 Hadrian,
408 2803 456 2850 and
467 2803 508 2850 the
520 2801 663 2864 Gregminn,
677 2802 867 2866 Hermogenien‚
879 2803 927 2850 end
939 2802 1091 2852 Theodosias
1103 2801 1184 2861 codes,

276 2878 339 2927 heve
349 2879 410 2927 been
420 2879 507 2942 possed
517 2894 574 2928 over
584 2879 650 2937 here,
661 2893 688 2928 as
698 2879 794 2943 partiat,
801 2880 987 2939 unauthorized,
994 2894 1021 2928 or
1031 2886 1075 2929 not
1085 2880 1113 2929 of
1120 2881 1181 2929 lest·

277 2961 322 3023 ing
332 2960 440 3023 validity.

310 3034 322 3066 ¹¹
339 3037 363 3085 A
373 3037 427 3086 title
436 3037 551 3085 invented
562 3037 596 3101 by
603 3037 619 3084 J
621 3037 728 3086 ustinien
739 3035 843 3086 himself
853 3035 926 3098 (Ood.
935 3041 957 3089 5.
970 3039 1081 3088 ciclus.
1095 3038 1130 3101 1.)
1159 3039 1185 3088 It

278 3119 411 3182 compriser
426 3119 466 3167 his
483 3121 567 3177 Codes,
578 3119 646 3180 (first
659 3119 789 3183 published
804 3119 1109 3184 A.D.ere,repub1ished
1124 3121 1184 3170 with

278 3202 423 3251 corrections
445 3201 512 3251 ut).
536 3201 605 3264 534‚)
629 3205 796 3259 Imtituticncu
819 3201 898 3264 (ΑΔ).
918 3203 987 3266 533,)
1010 3205 1135 3252 Pondectoe
1156 3218 1185 3252 or

283 3285 390 3346 Digesta,
405 3283 486 3348 (533,)
498 3283 547 3332 end
558 3284 670 3342 Novella,
679 3282 774 3344 (issued
790 3281 859 3340 later,
870 3284 919 3332 end
935 3283 1053 3334 collected
1067 3283 1129 3333 aster
1144 3283 1185 3334 his

279 3362 372 3427 death.)

313 3447 320 3480 ¹
335 3444 490 3507 thornawe,
500 3445 530 3495 rh
542 3442 612 3506 εἶδος,
621 3443 668 3506 τὴν
678 3442 752 3505 lidan,
761 3446 805 3496 dte.
