2590 4050
171 546 294 628 inutilis,
311 569 405 633 quum
425 571 442 612 a
461 547 630 633 reipublicae
648 548 772 635 hujusce
795 553 904 614 nostrae
929 549 1074 614 institutis

168 659 256 744 pleni
279 658 457 726 abhorreret.
500 660 544 726 Et
567 661 605 724 ad
628 661 754 726 alterum
780 661 899 746 quidem
922 662 992 726 satis
1019 663 1075 726 crit

167 772 356 858 respondere,
378 772 442 836 fieri
463 771 585 838 omnini>
608 796 670 838 non
691 795 788 858 posse,
810 780 847 839 ut
869 774 998 839 auctoris
1022 774 1074 838 ali·

168 879 254 965 cujus
272 879 432 944 utilitatem
453 879 646 966 interpretum
666 887 718 948 aut
737 882 856 968 ineptiae
878 888 930 947 aut
950 883 1074 968 argutiae

168 991 293 1058 tollant:
316 1013 405 1057 nemo
427 993 504 1058 enirn
528 1000 583 1073 est,
603 1000 639 1058 ut
661 995 775 1080 opinor,
795 1001 858 1060 tam
880 995 999 1076 delirus,
1021 996 1074 1081 qui

168 1111 259 1191 neget
278 1104 354 1189 juris
373 1104 553 1171 drutinianei
576 1106 647 1171 satis
666 1106 795 1192 peritum
814 1129 878 1172 esse
893 1129 1073 1193 quenquam,

168 1216 222 1300 qni
244 1237 307 1280 non
328 1215 504 1282 immensam
528 1217 610 1282 illam
635 1219 915 1284 commentariorum
937 1219 1074 1284 multitu·

159 1325 270 1390 ‚dinem
292 1325 330 1392 ab
354 1349 410 1394 ovo
434 1329 472 1392 ad
497 1351 592 1414 usque
614 1329 693 1394 mala
714 1331 953 1416 pertractaverit3
981 1354 1075 1415 quum

168 1437 331 1522 prasertim
349 1438 442 1504 uihil⁰
458 1440 554 1526 magis
575 1440 608 1506 in
625 1439 808 1525 Imperatore
826 1441 965 1506 laudetur
984 1443 1075 1526 quim

170 1547 307 1629 brevitas,
323 1550 415 1636 quam
429 1551 622 1632 concinnitas,
635 1553 727 1637 quam
741 1553 866 1638 simplex
880 1552 1029 1637 quoddam
1044 1560 1075 1619 et

170 1661 255 1747 quasi
271 1661 423 1756 pellucens
442 1663 582 1728 orationis
604 1686 709 1750 genus.
754 1664 795 1728 ln
819 1664 911 1729 altero
928 1663 998 1729 veri>
1012 1665 1075 1729 vim

167 1794 287 1838 omnem
301 1795 366 1838 eam
380 1774 509 1860 positam
524 1797 588 1840 esse
603 1775 708 1856 sentio,
725 1798 792 1861 quaa
806 1773 972 1841 doctrinam
986 1777 1075 1840 istam

167 1884 252 1967 quasi
275 1907 292 1949 e
318 1884 464 1950 curriculo
491 1886 658 1952 studiorum
682 1886 904 1951 exterminavit:
935 1886 968 1950 id
994 1887 1075 1972 quod

169 1994 245 2058 mihi
258 1999 325 2058 tum
341 1995 405 2060 aliis
423 1995 542 2061 iudiciis
556 2002 623 2061 tum
642 1997 694 2062 illo
713 1996 841 2062 maxime
856 1996 1075 2083 comprobatur,

171 2103 252 2191 quhd
273 2127 368 2190 usque
390 2106 428 2171 ad
449 2106 527 2172 hanc
550 2113 669 2172 aetatem
689 2108 845 2194 legununf
865 2110 944 2196 apud
971 2111 1076 2176 Scotos

171 2217 336 2283 Justiniani
364 2216 442 2297 libri,
473 2217 525 2303 qui
561 2217 787 2303 cognationem⁸
819 2218 895 2304 juris
924 2219 971 2283 sui
1007 2241 1076 2284 cum

170 2327 306 2394 Romano
330 2350 484 2414 nunquam
507 2327 775 2394 dissimulaverunt.
820 2329 949 2394 Nostros
975 2335 1076 2396 autern

170 2439 329 2526 scriptores
356 2437 549 2505 incredibileh
578 2445 624 2504 est
653 2440 744 2524 quam
772 2439 857 2506 valdd
887 2440 1076 2506 delectaverit

199 2647 212 2676 e
236 2639 282 2689 See
293 2639 472 2689 Melanchthon
484 2639 511 2686 in
528 2639 567 2688 hie
584 2639 670 2688 Oratio
683 2639 713 2688 de
729 2639 848 2702 Legibus,
858 2639 908 2688 and
925 2638 1005 2701 Long,
1016 2638 1075 2688 Two

165 2721 320 2779 Discouraea,
331 2737 371 2785 pp.
383 2721 423 2779 26,
435 2720 475 2779 77,
487 2721 527 2769 91.

198 2805 207 2837 ¹
224 2803 344 2852 Lectores
361 2817 394 2850 on
411 2801 453 2850 the
470 2801 528 2850 civil
549 2801 596 2849 law
614 2815 656 2848 are
673 2799 725 2848 still
746 2800 868 2848 delivered
884 2807 911 2850 at
927 2799 1076 2864 Edinburgh

167 2899 200 2934 an
211 2891 316 2934 account
326 2884 354 2933 oi
362 2884 395 2932 ita
406 2882 507 2946 bearing
518 2898 550 2931 on
563 2882 653 2930 Scotch
663 2881 716 2931 law.

200 2962 212 2994 ⁸
229 2965 307 3013 “The
323 2964 413 3013 Scotch
427 2963 591 3012 institutional
605 2963 698 3010 writers
710 2960 838 3024 (Erekine,
850 2960 908 3025 duc.)
920 2977 982 3011 were
991 2961 1033 3010 led
1041 2963 1075 3026 by

168 3045 233 3094 their
249 3061 303 3094 own
318 3046 364 3095 law
380 3053 405 3095 to
420 3045 479 3095 look
495 3051 521 3094 to
536 3045 578 3094 the
594 3043 834 3106 Roman’'-Long‚
843 3042 902 3092 Two
920 3042 1075 3102 Dircoureea,

164 3143 189 3193 p.
198 3127 277 3256 ἔξιθι
289 3207 432 3271 persuasion
443 3207 532 3271 hardly
542 3215 568 3257 to
578 3207 610 3255 be
621 3207 759 3256 eradicatcd
769 3207 832 3256 from
843 3208 885 3256 the
896 3207 978 3256 minda
989 3206 1018 3254 oi
1029 3221 1074 3254 our

165 3291 278 3355 lawyers,
294 3288 349 3337 that
364 3289 406 3338 the
423 3289 530 3353 English
546 3290 592 3338 law
609 3290 655 3338 has
671 3290 804 3339 continued
819 3305 879 3354 very
895 3289 971 3338 much
987 3289 1013 3337 in
1031 3288 1074 3338 the

165 3389 233 3424 same
251 3378 313 3422 etate
325 3372 388 3421 from
400 3386 431 3420 au
447 3371 569 3446 antiquity
580 3377 605 3420 ta
618 3372 698 3420 which
714 3371 773 3436 they
783 3370 834 3420 will
844 3371 914 3420 allow
925 3368 1014 3434 hardly
1025 3384 1074 3433 any

166 3463 216 3505 sort
226 3455 255 3505 ci
262 3455 366 3505 bouada.
396 3453 466 3513 Alco,
477 3454 531 3503 that
542 3454 562 3504 it
572 3469 620 3504 was
631 3454 725 3504 formed
736 3454 784 3504 and
795 3469 859 3516 grew
870 3468 905 3517 up
916 3467 1006 3516 among
1016 3467 1072 3502 our-
