2590 4050
686 333 726 395 36

249 486 350 553 minirs
372 490 453 554 11111
474 487 574 574 aliqua
594 489 750 577 discipline
768 493 925 560 instituere
948 518 980 562 so
1003 502 1034 562 et
1055 519 1159 584 parare

249 597 288 663 ad
316 623 427 665 munus
457 623 546 666 anum
575 602 788 688 capessendum
813 607 1030 674 consueverint.
1075 609 1159 676 Cedo

249 711 337 791 enim,
356 714 394 792 ei,
417 712 469 798 qni
493 713 531 778 ad
556 735 620 778 rem
644 714 797 799 publicam
820 740 991 784 accessurus
1015 719 1063 801 sit,
1090 743 1158 787 eru-

248 824 361 889 ditione
389 825 474 891 11111
503 847 579 911 opus
608 848 673 891 esse
697 826 894 915 putabimus?
918 831 1042 916 perinde
1072 834 1158 918 quasi

250 936 344 1022 (quod
358 936 391 1002 in
405 937 503 1022 poetis
518 936 695 1022 celebratru)
713 945 853 1005 nascatur
873 947 1001 1022 senator,
1015 965 1079 1008 non
1092 945 1156 1012 fiat.

246 1048 359 1114 Contra
368 1050 440 1114 vero
452 1049 533 1114 illius
548 1049 644 1114 omnis
656 1050 808 1130 doctrinae,
819 1075 885 1137 quae
900 1051 938 1117 ad
951 1054 1156 1121 1111111111-

245 1184 320 1226 num
334 1183 490 1246 moresque
505 1161 644 1247 pertinet,
656 1162 740 1227 nulla
753 1161 814 1228 ferd
829 1185 896 1249 pars
915 1169 969 1243 est,
987 1187 1077 1251 quam
1091 1189 1155 1233 non

245 1272 348 1338 deceat
370 1278 545 1352 senatorem,
568 1295 734 1358 perpaucae,
751 1296 824 1358 quas
845 1297 908 1339 non
930 1281 1066 1361 oporteat
1084 1279 1154 1343 teti-

242 1386 332 1470 gisse.
378 1383 462 1456 Quid
483 1384 704 1471 philosophiam
722 1384 852 1470 loquar?
876 1387 950 1471 quid
971 1388 1153 1454 historiam?

242 1499 307 1564 Mei
324 1499 403 1564 certe
423 1498 512 1563 officii
531 1497 627 1582 magis
647 1497 801 1583 proprium
821 1503 867 1562 est
887 1497 1154 1584 jurisprudentiam

240 1605 411 1670 nominare:
435 1605 469 1670 in
484 1606 544 1690 qut
557 1627 683 1690 parvum
701 1611 756 1683 est,
772 1612 808 1669 ut
823 1627 884 1670 suae
900 1605 1026 1690 quisque
1046 1608 1153 1692 patriae

240 1723 379 1789 instituta
398 1722 581 1808 perspexerit
591 1750 600 1800 ;
624 1721 675 1786 ilia
696 1721 816 1806 majora,
833 1728 868 1787 ut
887 1722 1013 1787 formam
1031 1729 1062 1788 et
1081 1733 1149 1790 tan·

238 1859 329 1922 quam
344 1835 450 1900 faciem
464 1833 613 1918 aequitatis
634 1833 816 1919 cognoverit,
832 1842 868 1900 ut
888 1836 1022 1922 exempla
1036 1838 1152 1923 optima

230 1949 336 2034 legum
355 1944 578 2012 condendarum
592 1951 702 2025 teneat,
717 1951 752 2010 ut
770 1943 857 2032 jurad
876 1946 1015 2033 gentium
1036 1955 1151 2015 extera·

233 2085 303 2127 rum
318 2061 374 2126 etsi
390 2059 482 2125 latiis
502 2064 625 2146 pateant
643 2059 816 2124 summatim
836 2065 937 2126 tamen
952 2067 982 2126 et
998 2064 1082 2148 quasi
1096 2086 1151 2150 per

236 2172 448 2260 compendium
462 2171 704 2257 comprehendat.
752 2172 829 2244 Quae
844 2195 937 2258 quum
952 2175 1054 2241 omnia
1068 2199 1148 2257 eum,

235 2285 287 2370 qui
303 2285 353 2370 jus
362 2283 532 2346 Romanum
546 2283 724 2362 tractaverit,
735 2289 966 2350 consecuturum
980 2309 1043 2352 csse
1058 2309 1149 2372 supra
1218 2367 1224 2378 ,

234 2392 395 2472 docuerim,
411 2390 505 2456 nolim
520 2397 627 2457 caetera
645 2393 838 2460 incitamenta
851 2396 959 2462 horum
979 2399 1148 2466 studiorum

234 2522 394 2579 recensere,
411 2521 479 2584 quae
499 2503 529 2563 et
550 2497 665 2562 minora
682 2497 742 2563 sint
762 2505 792 2564 et
811 2500 936 2568 fortasse
956 2502 1046 2568 etiam
1066 2503 1148 2589 apud

234 2621 369 2702 posteros
393 2634 542 2697 nusquam
566 2609 676 2677 futura.
730 2611 907 2698 Cujusmodi
932 2620 978 2679 est
1005 2614 1038 2679 id
1061 2615 1146 2700 quod

236 2725 388 2813 pluribns⁰
408 2723 441 2788 in
463 2719 623 2808 provinciis
649 2721 758 2786 nostris
781 2722 831 2808 jus
855 2723 1025 2787 Romanum
1050 2724 1145 2811 vulgo

269 2870 281 2902 ‘¹
298 2873 314 2900 ‘⁶
322 2870 362 2920 He
371 2871 426 2918 who
441 2868 529 2916 wishes
546 2874 571 2916 to
587 2867 659 2915 know
675 2867 740 2915 what
751 2866 849 2916 Roman
859 2868 905 2917 law
916 2869 945 2927 11,
958 2885 984 2917 11
995 2871 1106 2920 received
1117 2873 1145 2921 in

236 2969 284 3018 any
302 2951 434 3014 European
453 2956 522 3007 state,
539 2949 589 2996 will
608 2949 670 2996 have
691 2963 723 2997 no
738 2947 860 3013 difficulty
876 2950 902 2997 11
922 2951 1056 3014 mastering
1075 2953 1144 3002 these

236 3034 422 3090 modificatione,
434 3031 504 3078 when
521 3030 552 3078 he
565 3030 648 3078 knows
665 3029 719 3078 thet
735 3029 815 3076 which
827 3029 872 3078 has
887 3031 950 3080 been
967 3032 1144 3081 modified.'’·-

237 3118 317 3179 Long,
335 3114 393 3163 Two
412 3112 567 3169 Discourses,
582 3125 622 3173 pp.
634 3111 674 3167 42,
686 3112 726 3158 43.
760 3109 851 3174 Again,
871 3111 949 3161 “The
969 3111 1075 3162 shortest
1093 3114 1142 3162 and

235 3199 293 3262 only
305 3211 361 3246 sure
370 3209 423 3258 way
434 3193 462 3242 ol
469 3192 594 3254 obtaining
606 3209 620 3241 1
635 3199 775 3255 competent
790 3191 934 3258 knowledge
949 3194 977 3243 oi
989 3195 1031 3244 the
1042 3194 1142 3244 11111111

234 3283 290 3339 law,
297 3296 324 3328 as
334 3278 355 3327 it
365 3277 440 3326 1111111
450 3276 477 3325 11
488 3291 535 3338 any
543 3275 644 3323 modern
653 3280 765 3336 country,
774 3274 796 3322 is
803 3280 829 3322 1ο
837 3274 908 3324 know
917 3276 982 3325 what
990 3276 1033 3324 the
1042 3276 1142 3328 Roman

234 3365 280 3413 lew
291 3362 313 3409 11
323 3361 349 3409 11
360 3360 400 3407 the
412 3356 582 3421 compilatione
594 3357 622 3402 of
629 3356 644 3401 J
647 3355 889 3416 ustinian.”-Ibid.,
901 3373 925 3420 p.
938 3359 978 3407 92.

268 3451 278 3475 ⁸
296 3442 388 3492 British
407 3440 512 3496 Gaiana,
525 3439 567 3488 1111
582 3439 648 3500 Cape
665 3437 692 3483 of
709 3437 779 3485 Good
796 3437 875 3502 Hope,
894 3439 996 3503 Caylon,
1014 3438 1141 3498 Trinidad,
