2590 4050
564 343 604 406 35

137 505 206 572 satis
222 504 324 570 doctos
342 501 502 589 saepissime
522 506 606 590 queri
622 504 768 590 intelligo,
786 504 867 590 qudd
883 502 931 568 et¹³
946 503 979 568 in
990 505 1038 589 ju-

136 617 219 683 diciis
237 616 386 703 pleraeque
406 615 582 701 quaestiones
602 616 641 681 ad
655 637 700 680 res
719 621 788 680 ante
805 615 962 702 judicatas,
978 638 1041 680 non

135 729 173 794 ad
180 727 255 815 juris
269 727 422 814 principia,
434 731 616 805 revocentur,
629 733 660 791 et
673 726 795 812 peritiac
810 727 906 791 omnis
915 725 1040 811 hujusce

135 841 189 905 aevi
217 839 250 904 in
282 839 489 904 exercitatione
519 839 653 905 videatur
678 838 848 904 consistere.
894 838 985 910 Quod
1015 839 1040 903 si

135 951 279 1017 Romanis
308 951 341 1016 in
365 950 483 1037 legibus
505 953 599 1038 major
624 950 705 1016 lucet
734 950 882 1035 aequitatis
905 950 991 1029 ratio,
1017 950 1042 1014 si

137 1059 282 1125 elementa
297 1060 372 1146 juris
396 1060 504 1141 omnis,
526 1059 551 1125 si
577 1060 721 1147 principia
745 1059 881 1145 quaedam
906 1065 936 1124 et
959 1059 1043 1144 quasi

134 1171 246 1236 semina
275 1172 444 1258 Anglorunr
473 1172 713 1258 jurispurdentiee
747 1173 948 1250 continentur,
978 1193 1041 1236 non

134 1282 294 1348 absurdum
315 1283 414 1362 fuerit,
435 1291 471 1349 ut
493 1284 607 1371 opinor,
629 1285 760 1363 suadere,
781 1291 816 1349 ut
837 1285 884 1348 his
905 1306 937 1348 se
958 1283 1041 1368 prius

132 1393 183 1459 isti
199 1393 306 1459 litteris
325 1395 421 1460 imbui
435 1395 596 1482 patiantur,
613 1396 703 1480 quem
712 1395 750 1459 ad
764 1401 936 1460 nostrorum
949 1394 1042 1459 libros

133 1512 163 1572 et
177 1507 424 1572 consuetudinem
435 1507 615 1593 judiciorum
630 1507 781 1572 accedant.
827 1507 894 1572 Nec
909 1513 1041 1571 metuam

133 1618 270 1704 equidem
294 1641 332 1684 ne
357 1619 392 1699 is,
414 1619 465 1705 qui
487 1620 621 1685 Romana
647 1620 790 1698 didicerit,
812 1619 942 1704 ambigui
966 1620 1042 1705 juris

133 1753 228 1795 errore
242 1730 320 1795 inter
334 1731 482 1814 agendum
500 1731 657 1817 aliquando
676 1732 855 1818 decipiatur:
879 1756 950 1797 nam
965 1740 995 1796 et
1009 1733 1042 1797 in

131 1842 167 1906 iis
181 1840 348 1922 levioribus,
365 1865 440 1926 quoe,
457 1866 549 1928 quum
568 1845 648 1908 idem
663 1844 700 1908 de
719 1843 871 1929 principiis
886 1845 1041 1924 senserint,

131 1958 246 2044 possint
261 1958 324 2022 aliae
340 1957 423 2021 aliter
437 1957 569 2021 civitates
584 1957 771 2036 constituere,
786 1959 946 2022 novissima
961 1979 1040 2042 quae-

133 2092 190 2154 que
206 2069 337 2134 definitio
353 2069 530 2154 antiquiores
541 2069 683 2134 memorita
693 2069 783 2154 pellet
791 2095 800 2148 ;
823 2075 861 2147 et,
871 2068 1042 2154 ubicunque

131 2182 225 2268 Angli
246 2182 365 2267 longius
387 2206 405 2247 a
426 2181 572 2247 sententit
592 2181 794 2245 Romanorum
816 2181 996 2260 recesserint,
1018 2183 1044 2246 si

130 2291 207 2358 bene
235 2299 378 2358 novatum
408 2293 455 2373 sit,
481 2293 590 2359 virtute
621 2315 743 2358 suorum
771 2300 900 2358 arrectus
927 2294 1042 2359 animus

130 2404 298 2484 tenebitur,
325 2405 372 2470 sin
394 2407 502 2485 minis
524 2405 680 2472 oblivionis
702 2413 816 2472 metum
837 2407 923 2470 tollet
945 2406 1041 2492 indig-

130 2516 222 2582 natio.
267 2515 376 2602 Neque
405 2517 511 2582 inutile
541 2517 697 2603 quisquam
727 2518 854 2596 duxerit,
880 2518 914 2581 in
941 2520 1044 2582 nostrat

130 2630 293 2714 praesertim
320 2629 446 2710 civitate,
469 2630 502 2694 in
529 2632 589 2714 qud
611 2636 708 2716 partes
730 2635 792 2693 tam
815 2651 931 2714 magnae
954 2631 1042 2716 juris-

130 2740 233 2826 peritis
262 2740 294 2804 in
323 2740 439 2826 legibus
468 2740 695 2826 interpretandis
721 2739 899 2819 tribuantur,
927 2741 963 2806 ed
992 2764 1042 2806 eos

130 2852 218 2937 copid
236 2853 400 2936 aequiorum
420 2852 621 2938 exemplorum
641 2852 758 2930 instrui,
777 2859 812 2917 ut
831 2851 932 2938 legum
952 2856 1042 2939 patri-

130 2987 216 3028 arum
230 2964 310 3028 vitiis
325 2969 355 3029 et
370 2965 464 3029 sciant
478 2972 508 3029 et
523 2963 645 3049 cupiant
660 2962 826 3028 subvenire.

175 3068 313 3134 Alterum
340 3075 438 3132 autem
463 3091 558 3154 genus
581 3067 616 3132 eo
639 3074 762 3153 tangam
787 3067 956 3146 audentius,
983 3071 1043 3154 quo

55 3323 59 3327 ,
166 3266 178 3300 ¹²
197 3267 305 3324 Hellam,
319 3267 412 3315 Middle
424 3267 498 3329 Ager,
511 3267 558 3316 vol.
570 3268 594 3316 ii.
607 3283 630 3330 p.
642 3268 698 3316 469.

138 3405 141 3410 Ι
167 3356 176 3380 ⁸
194 3348 240 3396 See
252 3349 330 3410 Lorrg,
340 3349 393 3396 who
403 3348 460 3396 does
471 3349 515 3396 but
526 3349 586 3396 echo
598 3365 611 3396 a
623 3347 759 3411 complaint
770 3349 841 3396 mede
853 3349 885 3411 by
895 3348 1043 3396 Blackstorre

130 3447 145 3478 a
158 3436 261 3493 century
274 3429 346 3476 since.
381 3430 434 3477 Vol.
447 3430 463 3477 i.
475 3445 515 3492 pp.
529 3433 633 3488 30-32,
647 3433 691 3479 &c
