2590 4050
563 329 603 393 37

129 497 308 581 murpaum
332 492 422 579 quod,
438 514 491 558 seu
509 490 688 558 mutandum
709 491 749 555 sit
765 511 819 556 seu
836 487 1035 569 retinendum,

129 605 167 669 iis
182 603 270 686 cortb,
288 604 396 691 quibus
414 604 447 670 id
465 626 560 691 genus
580 603 828 669 deliberationum
844 602 1037 689 permittitur,

129 735 194 778 nou
222 713 346 779 omnino
369 713 507 800 ignotum
530 736 593 779 csse
622 712 722 779 debet.
767 712 892 778 Possem
918 734 1038 797 quoquo

129 822 368 888 nonnullavobis
379 821 506 909 judicisr
519 845 757 904 commemorare,
769 846 837 908 qum
851 822 889 889 ad
905 823 1038 909 ejusdem

125 933 204 1018 juris
217 956 353 1000 normam
367 935 400 1000 in
414 934 479 1020 ipsb
493 934 605 1020 Anglir
619 941 792 1000 exercentur
806 962 813 1001 :
838 934 890 999 sed
900 934 964 1000 hooc
975 957 1038 999 om·

129 1045 182 1110 nia
195 1044 292 1111 libens
305 1050 468 1132 praetere03
490 1068 587 1132 nequo
604 1046 686 1112 enim
703 1068 738 1112 ea
754 1047 818 1133 jam
839 1067 955 1132 sequor,
971 1068 1039 1131 quae

130 1165 279 1226 certorum
294 1159 354 1224 sint
369 1165 421 1224 aut
434 1159 591 1224 hominum
605 1165 658 1224 aut
667 1165 837 1245 temporum
846 1156 976 1245 propria,
986 1155 1039 1221 sed

130 1269 233 1357 potius
248 1292 291 1351 ea,
308 1293 374 1355 quae
388 1270 426 1336 ad
439 1269 653 1357 rempublicam
666 1271 836 1336 universam
851 1268 1030 1356 pertineant.

176 1381 260 1454 Quid
272 1381 365 1469 igitur
373 1381 506 1448 studeo?
523 1380 715 1467 quamobrem
725 1404 779 1446 vos
790 1380 908 1469 jamdiu
917 1380 1040 1445 moror?

132 1497 248 1562 Suadeo
263 1496 409 1583 equidem,
424 1502 461 1562 ut
474 1500 650 1561 revocentur
662 1494 721 1560 illoe
736 1500 823 1574 artes,
832 1517 886 1580 per
897 1516 970 1579 quas
985 1517 1039 1560 no·

131 1629 201 1672 men
222 1606 304 1672 hisce
326 1606 445 1672 sedibus
463 1612 493 1672 et
512 1607 590 1672 fama
609 1611 696 1672 aetate
716 1607 853 1672 anteacth
871 1606 1018 1671 creverint
1028 1632 1039 1685 3

131 1718 240 1803 quibus
254 1725 290 1783 ut
305 1719 436 1785 studeret
450 1717 545 1804 pubes
560 1718 690 1806 ingenua
704 1717 901 1804 collegiorum
920 1722 1037 1783 nostro-

131 1852 199 1893 rum
213 1830 380 1896 conditores
395 1830 540 1897 edixerint
547 1858 557 1912 3
581 1854 707 1918 quarum
716 1831 822 1897 titulos
836 1831 940 1896 inanes
956 1830 1040 1915 quasi

130 1939 259 2006 ludibria
273 1941 394 2006 honoris
414 1945 503 2008 coust
519 1942 608 2008 hodie
627 1965 775 2028 geramus.
821 1943 866 2008 Ut
882 1943 934 2028 qui
948 1943 1039 2008 inter-

132 2058 229 2138 pretes
250 2052 352 2139 legum
373 2053 569 2139 Anglicarum
587 2053 697 2139 quique
718 2053 826 2118 latores
851 2053 923 2119 olim
945 2053 1040 2119 bituri

132 2165 201 2243 sint,
217 2187 254 2229 ex
268 2166 325 2232 huo
340 2166 482 2232 doctrinm
500 2166 546 2250 (ut
565 2167 608 2231 ita
626 2166 734 2249 dicam)
753 2164 871 2230 officina
883 2165 961 2251 juris
975 2167 1040 2251 ejus

133 2276 257 2342 soientib
270 2277 409 2343 instructi
428 2277 582 2364 prodeant,
599 2277 679 2362 quod
698 2277 829 2363 populus
848 2276 886 2342 ad
903 2277 984 2363 leges
998 2277 1014 2342 f
1029 2318 1041 2331 -

61 2383 67 2392 ’
131 2389 238 2454 rondes
257 2400 346 2454 natus
362 2390 493 2477 jusserit,
515 2389 595 2475 quod
615 2389 708 2454 totius
728 2389 858 2476 Europae
878 2412 1041 2455 consensus

133 2502 347 2588 approbaverit,
364 2503 445 2589 quod
465 2503 593 2588 denique
612 2503 737 2589 majores
757 2503 853 2568 nostri
874 2503 985 2588 magnb
1004 2524 1041 2567 ex

133 2623 217 2702 parte
230 2616 378 2682 voluerint
391 2617 510 2682 imitari.
534 2616 579 2681 Ut
594 2617 646 2701 qui
655 2639 673 2681 a
683 2615 796 2680 Graecis
810 2613 1039 2700 philosophiam,

133 2729 303 2794 aRomanis
308 2728 572 2816 jurisprudentiam
580 2734 737 2814 petamus3
759 2748 815 2790 nec
825 2748 919 2810 quum
933 2725 1040 2790 veriori

134 2842 286 2928 sapientis
299 2842 431 2907 tironum
446 2864 530 2906 aures
551 2839 710 2904 Aristotele
725 2838 803 2903 lecto
823 2835 968 2923 praecludi
988 2857 1040 2901 ne-

133 2973 247 3036 gemus,
271 2956 403 3016 metuere
426 2950 587 3028 videamur,
612 2970 651 3013 ne
674 2946 816 3034 magister
840 2943 1040 3011 Tribonianus

134 3062 308 3128 arctioribus
324 3062 429 3127 studiis
446 3060 726 3148 jurisconsultorum
741 3057 907 3145 aliquando
922 3064 1038 3123 noceat.
1119 3117 1122 3124 .

136 3224 220 3273 Saluta
236 3223 321 3284 Lucis,
332 3225 374 3273 tha
390 3223 533 3283 Mauritius,
550 3224 637 3273 Lower
653 3222 761 3280 Canadu,
778 3221 865 3269 Malta
899 3219 945 3268 See
960 3217 1039 3282 Long‚

135 3305 194 3356 Two
205 3307 359 3366 Discourser,
371 3323 394 3370 p.
405 3309 445 3356 92.

169 3387 178 3421 ¹
192 3388 245 3436 The
256 3387 441 3438 Ecclesiastioal
448 3397 537 3448 couno,
547 3389 589 3439 the
601 3387 744 3452 University
752 3392 841 3444 couno,
851 3385 892 3434 the
900 3382 1040 3445 Admirulty

136 3478 213 3530 court,
225 3473 273 3519 and
282 3471 324 3520 the
336 3471 446 3537 Militsry
457 3481 531 3522 court
