2590 4050
110 1028 114 1033 ·
169 993 361 1063 Qusuuuus
379 991 611 1050 REIPUBLIOAE
629 991 865 1063 1111111111
883 989 1075 1048 JURISPRU·

204 1089 343 1145 nnuma
368 1089 605 1145 ROMANORUM
639 1089 753 1145 Iussu
777 1087 953 1142 amoenas
980 1085 1074 1140 FERE

184 1259 186 1262 ι
205 1183 450 1241 HUMANIORES
468 1185 636 1242 GOLENDA
654 1184 908 1240 Puopouauuu

214 1444 347 1512 Laena*
360 1451 504 1532 tanquam
517 1447 550 1512 in
564 1447 634 1512 sinu
647 1445 707 1512 Dei
720 1445 915 1527 habitantem,
927 1446 979 1512 oui
994 1446 1076 1532 quio-

172 1557 245 1644 quid
269 1558 303 1622 in
331 1557 415 1639 ooelo,
443 1558 585 1644 quioquid
610 1564 656 1624 ost
681 1558 714 1624 in
738 1559 827 1638 10111,
851 1565 961 1643 paueat,
989 1582 1078 1644 quam

170 1669 283 1755 linguis
302 1669 430 1735 dissonis
444 1691 507 1734 uno
526 1668 626 1734 animo
641 1675 746 1754 gentes
763 1681 866 1734 omnes
880 1669 962 1754 pacis
977 1669 1079 1735 sibiet

170 1781 319 1848 felicitatis
339 1781 485 1866 originem
501 1781 659 1860 fateantun,
676 1781 702 1845 si
722 1780 862 1866 emperim
881 1779 939 1845 hoo
953 1781 986 1845 in
1008 1803 1079 1846 eon-

172 1915 256 1957 sessu
284 1892 453 1977 praedioane,
477 1891 559 1956 haud
587 1892 698 1978 injurit
726 1915 774 1956 me
804 1892 941 1977 gloriosae
965 1893 1079 1958 vanilo-

174 2002 305 2086 quentiae
330 2001 432 2066 eunoti
454 2001 602 2086 arguatis:
630 2023 728 2086 neque
751 2003 830 2066 enim
855 2001 938 2066 deest
960 2003 994 2068 in
1016 2009 1082 2068 tan-

173 2112 214 2176 tis
250 2110 389 2176 laudibus
425 2117 582 2177 auctorum
614 2114 708 2198 copia,
743 2135 799 2177 neo
835 2111 974 2198 cuiquam
1004 2115 1083 2180 oertb

175 2223 309 2289 vestrum
334 2223 367 2288 11
392 2229 525 2288 mentem
549 2224 632 2290 venit
661 2225 698 2290 de
727 2223 899 2310 praestantis
927 2224 1002 2311 legis
1028 2227 1083 2291 du·

174 2335 280 2402 bitare.
336 2335 397 2401 sed
419 2358 517 2421 neque
541 2359 559 2401 a
581 2359 630 2402 me
654 2337 731 2402 illud
750 2337 814 2424 jam
838 2337 922 2423 posoi
948 2337 1082 2418 arbitror,

174 2453 211 2512 nt
240 2447 372 2526 doceam,
402 2446 504 2532 legum
537 2448 739 2514 Romanarum
776 2449 908 2536 cognitio
942 2457 1085 2535 quantam

174 2557 275 2624 lucem
296 2563 458 2636 oratorum,
479 2564 622 2643 quantam
645 2566 811 2645 poetarum,
837 2565 979 2645 quantam
1002 2559 1085 2623 deni·

176 2691 235 2756 que
268 2657 478 2734 historic'orum
513 2669 597 2734 libris
636 2671 731 2756 possit
772 2669 944 2734 offundere:
991 2693 1083 2755 quan-

178 2802 268 2865 quam
298 2777 387 2859 01111,
417 2779 443 2843 si
474 2801 563 2864 quem
598 2779 764 2844 litterarum
801 2779 900 2844 studia
929 2779 1086 2861 delectant,

180 2889 337 2973 “plurima
361 2889 430 2955 est”
451 2895 488 2953 11
511 2889 553 2953 eit
574 2887 708 2953 Tulliusb
732 2888 794 2952 “in
816 2888 898 2953 omni
918 2889 985 2974 juro
1007 2889 1085 2955 civili

180 2998 363 3082 antiquitatis
383 2999 504 3088 effigies,
521 2997 603 3086 qubd
620 3005 650 3065 et
668 2991 827 3065 verboram
843 3000 941 3086 prisea
954 3005 1087 3065 vetustas

179 3110 379 3194 oognosoitun,
394 3118 424 3176 et
439 3112 592 3178 actionum
611 3134 721 3198 genera
735 3111 871 3198 quaedam
884 3111 1017 3199 priorum
1032 3112 1086 3176 ho-

179 3221 295 3287 minum
309 3223 556 3290 eonsuetudinem
571 3224 720 3310 vitamque
738 3223 920 3289 declarant.”
966 3223 1086 3310 Quippe

374 3389 385 3414 ⁸
403 3383 510 3443 Hooker,
523 3385 592 3436 Eoob
605 3385 667 3443 Ρο1,,
678 3386 701 3433 b.
712 3385 730 3432 i.
742 3385 780 3433 oh.
792 3384 840 3435 xvi.
852 3388 875 3434 8.

377 3462 392 3502 b
410 3466 450 3514 De
461 3467 571 3528 Oratore,
583 3468 625 3518 lib.
637 3468 653 3516 1.
666 3467 702 3516 ab.
715 3469 754 3516 43.
