2590 4050
626 346 746 418 ,32

277 499 424 567 sultomm
448 509 642 569 monumenta
666 505 742 570 nihil
766 528 873 587 morer,
894 513 931 572 ut
952 530 987 574 ea
1012 531 1080 594 quse
1104 509 1190 598 leges

274 607 385 667 nostrae
406 601 519 668 habent
543 625 613 670 cum
634 605 776 672 Romanis
802 608 972 673 communia
993 615 1046 674 aut
1070 615 1189 678 taoemn

275 719 328 776 aut
347 735 418 779 casu
437 714 536 800 aliquo
556 716 694 782 simulata
715 717 866 812 affirmem,
884 724 986 783 tamur
1005 718 1078 804 quid
1097 720 1188 786 Italis

275 809 435 892 debeamus
465 829 570 895 docere
598 851 660 894 una
683 833 783 914 potest
810 830 890 896 illius
919 831 1067 916 aequitatis
1094 835 1187 916 ratio,

273 937 340 1001 cuil’
353 937 442 1022 primi
456 938 670 1018 hominumue
681 940 805 1006 dixerim
818 941 883 1022 soli,
896 942 989 1028 Angli
998 965 1052 1010 sua
1058 945 1185 1031 judicia,

269 1053 426 1132 praetorem
441 1071 529 1116 suum
543 1050 721 1118 hibuerunt.

315 1159 358 1225 ll
377 1161 457 1225 enim
474 1183 538 1226 rem
557 1163 662 1228 miram
676 1185 710 1227 ac
727 1162 812 1249 paene
830 1163 1034 1230 incredibilem
1052 1169 1183 1247 nmravi,

271 1269 323 1354 qui
337 1272 461 1358 majores
478 1279 596 1339 nostros
610 1275 702 1340 fatear
718 1275 767 1361 jus
782 1273 868 1340 civile
884 1274 953 1361 plus
972 1275 1064 1342 semel
1081 1277 1181 1344 detes·

269 1388 348 1447 talos
370 1405 443 1465 esse,
464 1390 495 1450 et
516 1386 695 1471 persuasisse
717 1385 774 1451 sibi
796 1385 873 1450 nihil
894 1409 958 1452 esse
980 1387 1008 1452 ei
1030 1411 1100 1453 cum
1121 1412 1180 1456 suo

268 1517 435 1577 commune,
454 1498 573 1562 eosdem
592 1504 693 1563 tamen
714 1498 946 1563 confirmaverim
967 1512 1093 1565 novemq
1114 1501 1178 1568 ferd

267 1609 375 1674 saecula
393 1609 511 1674 haurire
531 1591 672 1694 quicquid
691 1609 760 1674 usui
777 1615 854 1674 esset
873 1632 910 1675 ex
924 1633 959 1674 eo
976 1612 1176 1680 consuevisse.

267 1719 395 1785 Perinde
424 1722 509 1806 quasi
533 1721 598 1786 haec
624 1721 680 1785 sibi
705 1722 811 1806 pardm
839 1728 995 1788 constent:
1030 1725 1178 1791 attendite

268 1831 357 1909 enim,
374 1853 483 1917 quaeso,
496 1831 665 1919 paullisper,
678 1831 749 1896 dum
763 1831 796 1896 id
810 1833 891 1917 quod
905 1833 1002 1898 sentio
1016 1855 1175 1920 exponam.

266 1945 394 2010 Causam
407 1945 500 2031 igitur
514 1945 602 2010 variae
616 1944 697 2009 illius
716 1944 853 2024 fortunae,
869 1947 929 2030 qua
948 1969 1037 2042 usum
1052 1953 1098 2012 est
1117 1949 1176 2015 heo

265 2057 298 2122 in
319 2058 471 2145 republica
490 2058 540 2144 jus
562 2057 656 2137 civile,
676 2057 710 2121 in
734 2057 864 2136 nomine,
884 2079 947 2122 non
968 2057 1001 2122 in
1022 2080 1064 2138 re,
1085 2059 1174 2125 sitam

265 2193 329 2235 esse
339 2169 444 2236 video:
466 2169 547 2255 quod
562 2191 656 2254 quum
667 2168 730 2233 aliis
745 2174 908 2253 acceptum,
921 2168 986 2234 aliis
1001 2176 1173 2256 suspectum

265 2288 352 2360 esset,
364 2282 527 2367 gratiosum
542 2280 623 2360 aliis,
636 2279 707 2344 alias
718 2279 908 2358 invidiosum,
923 2279 962 2344 iir
976 2281 1028 2365 qui
1037 2281 1174 2348 Romana

265 2388 366 2455 omnia
390 2394 608 2465 venerarentur,
630 2387 796 2452 intulerunt
822 2388 873 2472 jus
897 2388 999 2468 istum,
1021 2389 1170 2472 foverunt,

265 2502 503 2581 celebraverunt3
536 2499 560 2564 ii
593 2505 702 2578 autem,
733 2499 785 2583 qui
813 2498 995 2565 Pontificum
1023 2501 1172 2568 Italorum

296 2798 307 2831 Ρ
323 2795 340 2820 “
350 2791 412 2839 This
423 2787 565 2838 distinction
576 2787 685 2834 between
695 2785 741 2834 law
752 2786 801 2833 and
812 2786 905 2850 equity,
917 2802 944 2834 as
960 2787 1133 2836 administered
1144 2788 1170 2836 in

263 2874 373 2923 different
383 2878 474 2930 courts,
483 2871 505 2918 is
516 2876 559 2918 not
570 2876 595 2917 et
609 2875 708 2930 present
721 2867 818 2925 known,
829 2882 875 2914 nor
891 2882 970 2916 seems
986 2876 1011 2918 to
1027 2869 1089 2917 have
1106 2870 1169 2918 been

265 2971 321 3005 ever
335 2956 425 3004 known
440 2954 467 3002 in
484 2968 532 3017 any
543 2952 612 3000 other
623 2957 728 3013 country
740 2956 765 2998 at
775 2964 823 3014 any
833 2949 1110 3012 time’'—Blaokstone‚
1121 2951 1170 3000 vol.

259 3039 293 3088 iii.
305 3055 330 3102 p.
340 3041 380 3087 49.

294 3129 307 3162 ι
325 3119 364 3167 Sc.
378 3119 441 3167 from
453 3117 528 3165 about
537 3117 584 3164 600
596 3122 620 3163 to
631 3116 706 3164 about
718 3117 780 3164 1⁵00
790 3112 858 3162 A.D.

295 3207 304 3232 ‘
322 3197 533 3256 Blaohstone,vol.
544 3196 591 3260 ip.
601 3197 639 3254 18,
650 3197 695 3245 &o
713 3197 814 3259 Spence,
825 3195 872 3245 vol
884 3195 900 3244 i
912 3211 954 3258 pp.
967 3197 1005 3255 16,
1019 3196 1057 3249 17.
1075 3199 1092 3224 ‘⁴
1100 3196 1168 3245 Such

260 3299 310 3334 was
321 3283 363 3332 the
374 3279 520 3331 admiratIon
531 3279 557 3327 in
572 3277 654 3326 which
668 3293 740 3342 every
751 3277 823 3341 thing
834 3277 931 3326 Roman
942 3293 991 3326 was
1006 3277 1066 3326 held
1081 3278 1115 3341 by
1125 3277 1168 3328 the

214 3395 217 3403 ·
261 3366 389 3419 Christian
409 3363 556 3428 priesthood,
575 3361 629 3410 that
646 3361 667 3408 it
687 3375 736 3410 was
756 3361 875 3410 extended
896 3376 958 3411 even
978 3367 1003 3410 to
1024 3359 1066 3409 the
1085 3377 1168 3424 pagan

259 3449 377 3500 writers.”
