2590 4050
554 343 595 404 29

117 505 210 586 tium,
235 505 339 572 eadem
364 529 519 595 prooenrm
547 505 725 595 indignatio,
747 509 904 577 interdicta
929 511 1032 578 eadem

117 619 354 705 magistratuum
381 619 544 685 audiuntur
551 647 561 701 3
595 621 718 708 perinde
747 623 831 708 quasi
860 623 937 688 nihil
966 623 1031 689 Ste-

117 731 223 818 phano
237 738 391 818 regnante,
406 731 483 798 nihil
498 733 631 799 Henrico
646 741 746 800 aetum
760 741 846 800 esset.
890 733 1032 820 Namque

116 849 157 909 ut
175 843 350 930 longissime
372 845 576 910 Rornanorum
601 845 806 912 auctoritatem
826 867 1029 934 prorogemus,

116 956 278 1022 fatendum
301 956 380 1022 certe
403 963 458 1038 est,
479 963 548 1044 post
573 979 686 1024 annum
709 957 831 1024 demum
856 949 1030 1045 ab'Anglid

116 1067 269 1134 debellate
289 1070 531 1136 tercentesimum
556 1070 590 1135 in
610 1069 751 1157 legitimis
773 1069 894 1158 judiciis
918 1093 1029 1137 nomen

117 1181 292 1247 Romanum
317 1181 387 1248 odio
416 1189 505 1269 atque
530 1183 716 1269 contemptui
743 1181 845 1248 fuisse.
889 1183 933 1248 ht
957 1181 1028 1248 werd

115 1299 228 1380 praeter
248 1293 301 1360 illa
324 1294 458 1382 legitima
487 1295 584 1360 aliude
610 1296 699 1360 etiam
722 1293 854 1360 tribunal
879 1301 950 1375 erat,
973 1317 1028 1381 pro

117 1427 181 1490 quo
202 1405 254 1490 qui
271 1405 391 1471 sedebat
411 1429 448 1472 ex
464 1427 550 1491 aequo
570 1411 601 1472 et
619 1405 709 1485 hono,
724 1429 788 1470 non
804 1427 841 1470 ex
857 1405 1027 1491 Auglorum

116 1516 396 1598 consuetudinibus,
408 1515 571 1606 judicabat.
617 1517 756 1590 Quaeres
771 1516 808 1582 ab
826 1515 942 1603 origine
956 1517 1027 1582 satis

116 1628 204 1694 tenui
222 1629 355 1717 profecta
371 1630 464 1694 tantis
484 1627 591 1694 deinde
609 1629 798 1695 incrementis
816 1633 903 1693 aucta
921 1633 976 1708 est,
991 1634 1027 1693 nt

116 1747 149 1806 et
162 1741 310 1806 infinitam
330 1763 485 1826 causarum
502 1741 726 1806 multitudinem
746 1739 784 1805 ad
803 1763 835 1805 se
848 1739 980 1820 traxerit,
995 1745 1026 1804 et

112 1853 183 1940 jura
196 1852 261 1939 ipsa
275 1852 404 1938 acleges
419 1858 553 1938 exparte
567 1875 630 1918 nou
646 1851 705 1918 levi
724 1853 847 1918 flexerit.
891 1853 934 1918 Et
948 1852 1024 1918 auti-

116 1963 203 2051 quis‘¹
232 1965 353 2050 quidem
376 1989 394 2030 a
418 1965 540 2051 regibus
569 1965 607 2030 ad
635 1965 694 2029 hoc
721 1964 843 2030 honoris
871 1965 1024 2052 fastigium

114 2079 256 2165 perpauci
269 2078 338 2144 laici
355 2076 555 2143 evehebantur
563 2105 573 2158 ;
595 2089 709 2143 000ιοο
728 2077 789 2143 fere
804 2077 941 2145 ducentis
954 2087 1024 2167 post

113 2192 201 2258 annis
228 2191 319 2278 quam
344 2191 517 2256 {Iustiniano
542 2191 655 2258 caeteris
681 2190 802 2279 judiciis
829 2192 1022 2260 interdictum

113 2429 130 2456 ‘⁶
141 2425 173 2476 In
189 2425 232 2475 the
247 2425 318 2490 reign
334 2425 363 2475 01
371 2425 480 2476 Richsrd
492 2425 529 2476 II.
542 2425 575 2474 all
587 2433 665 2476 resort
680 2431 706 2475 to
721 2426 764 2476 the
775 2425 874 2477 Roman
884 2428 932 2478 law
941 2427 968 2478 in
978 2427 1020 2478 the

114 2521 229 2558 common
239 2509 286 2558 law
297 2514 380 2556 courts
391 2507 592 2558 πεπυ-101.
605 2509 621 2558 i.
633 2525 658 2573 p.
670 2509 726 2558 286.

146 2596 158 2625 ⁰
175 2589 229 2638 The
240 2588 409 2638 Chancellor's
422 2590 506 2647 Court,
518 2604 546 2637 or
563 2590 641 2638 Court
654 2589 683 2638 01
690 2589 837 2654 mancam:
854 2590 919 2638 “the
933 2605 1018 2654 recog-

112 2670 182 2720 nised
197 2670 330 2734 principles
346 2670 375 2718 01
387 2671 429 2718 the
446 2670 565 2719 decisione
581 2671 608 2718 in
624 2670 704 2718 which
721 2685 782 2720 were
798 2670 909 2734 honesty,
925 2670 1018 2734 equity,
1085 2715 1086 2718 ,

112 2755 160 2804 and
171 2751 477 2815 conscience.”-Spence,
488 2753 535 2801 vol.
547 2753 565 2801 i.
576 2768 600 2815 p.
612 2755 668 2803 839.

143 2835 155 2868 ‘¹
172 2841 187 2866 “
196 2835 327 2886 Excluded
336 2835 401 2884 from
411 2834 453 2884 the
462 2833 636 2884 common-law
643 2831 797 2896 judgsships,
805 2831 847 2879 the
857 2831 1019 2882 ecclesiastica

112 2919 162 2968 still
173 2919 232 2982 kept
242 2919 381 2983 possession
392 2918 420 2966 01
427 2917 469 2966 the
479 2916 540 2979 high
551 2914 621 2964 office
632 2915 660 2962 01
671 2913 826 2972 Chauoellor,
836 2927 869 2962 an
879 2913 949 2962 office
959 2914 1019 2964 then

113 3001 198 3065 (temp.
211 3001 277 3048 Hen.
288 2999 354 3064 111.)
366 3000 393 3048 of
400 2998 465 3049 little
479 2997 583 3062 judicial
599 2993 894 3061 power.”-Blackstone‚
904 2994 953 3044 vol.
964 2995 981 3045 i.
993 3011 1018 3060 p.

112 3085 153 3132 20.
190 3083 229 3130 cf.
241 3082 343 3145 Spencs,
355 3079 404 3129 vol.
418 3081 435 3130 i.
446 3097 487 3145 pp.
500 3081 557 3137 334,
569 3080 624 3128 3³9.

144 3171 157 3200 θ
174 3163 224 3212 For
234 3163 283 3212 this
293 3163 345 3210 fact
355 3177 394 3211 see
407 3161 564 3226 Spenoe,vcl.
576 3161 592 3211 i.
604 3177 630 3226 p.
639 3159 696 3219 347,
703 3159 757 3209 who
767 3159 892 3210 considers
902 3160 923 3208 it
933 3176 949 3209 a
956 3161 1017 3210 deli-

110 3247 191 3295 berate
206 3245 289 3308 policy
301 3244 329 3293 01
342 3243 449 3293 Edward
466 3243 519 3308 111.
524 3279 531 3304 ,
541 3245 590 3295 and
606 3245 648 3294 the
664 3244 739 3308 kings
754 3243 809 3292 who
825 3243 939 3293 followed
954 3243 1016 3307 him,

111 3325 271 3374 necessitated
280 3325 307 3372 in
318 3341 350 3374 no
361 3324 435 3374 small
444 3341 557 3376 measure
567 3327 601 3391 by
611 3327 653 3377 the
668 3325 797 3376 exclusion
811 3326 840 3375 01
849 3325 891 3375 the
902 3326 960 3376 civil
969 3327 1016 3378 law

111 3408 223 3458 tromthe
233 3407 348 3471 ordinary
358 3413 448 3458 comta
555 3450 559 3460 .
